@misc{rfc1939,
    author = {J. Myers, Carnegie Mellon, M. Rose},
    title = {Post Office Protocol - Version 3},
    url = {\url{https://tools.ietf.org/html/rfc1939}},
    year = {1996},
}

@misc{asio,
	title = {asio C++ Library},
	url = {https://think-async.com/Asio/},
	urldate = {2022-03-30}
}